@misc{scipy,
  author =    {Eric Jones and Travis Oliphant and Pearu Peterson and others},
  title =     {{SciPy}: Open source scientific tools for {Python}},
  year =      {2001--},
  url = "http://www.scipy.org/",
  note = {[Online; accessed 2014-11-05]}
}

@book{numrec07,
  author = {Press, William H. and Teukolsky, Saul A. and 
            Vetterling, William T. and Flannery, Brian P.},
  title = {Numerical Recipes in C (3rd Ed.): The Art of Scientific Computing},
  year = {2007},
  isbn = {0-521-43108-5},
  publisher = {Cambridge University Press},
  address = {New York, NY, USA},
} 

@misc{david06,
  author    = {David, C. W.},
  title     = {A Hartree Fock example using Helium},
  year     = {2006},
  url = "http://digitalcommons.uconn.edu/chem_educ/",
  note     = {[Online; accessed 2014-12-10]},
}

@book{koonin90,
  author={Koonin, S.E. and Meredith, D.},
  title={Computational {P}hysics (FORTRAN version)},
  isbn={9780201127799},
  lccn={lc89000129},
  url={http://books.google.com/books?id=KI7vAAAAMAAJ},
  year={1990},
  publisher={Addison-Wesley}
}

@article{slater29,
  title = {The Theory of Complex Spectra},
  author = {Slater, J.},
  journal = {Phys. Rev.},
  volume = {34},
  issue = {10},
  pages = {1293--1322},
  numpages = {30},
  year = {1929},
  month = {Nov},
  publisher = {American Physical Society},
  doi = {10.1103/PhysRev.34.1293},
  url = {http://link.aps.org/doi/10.1103/PhysRev.34.1293}
}

@book{griffiths05,
  author = {Griffiths, D.J.},
  year = {2005},
  title = {Introduction to Quantum Mechanics},
  publisher = {Pearson Prentice Hall},
  address = {Upper Saddle River, NJ, USA},
}

